@article{proxy, 
  author = {Tikhonova, A. and Correa, C. and Kwan-Liu Ma}, 
  journal = {Visualization and Computer Graphics, IEEE Transactions on}, 
  title = {Visualization by Proxy: A Novel Framework for Deferred Interaction with Volume Data}, 
  year = {2010}, 
  month = {Nov}, 
  volume = {16}, 
  number = {6}, 
  pages = {1551-1559},
  doi = {10.1109/TVCG.2010.215}, 
  ISSN = {1077-2626},
}

@inproceedings{anna_eg_2010,
  author = {Tikhonova, A. and Correa, C. D. and Ma, Kwan-Liu},
  title = {An Exploratory Technique for Coherent Visualization of Time-varying Volume Data},
  booktitle = {Proceedings of the 12th Eurographics / IEEE - VGTC Conference on Visualization},
  series = {EuroVis'10},
  year = {2010},
  location = {Bordeaux, France},
  pages = {783--792},
  numpages = {10},
  url = {http://dx.doi.org/10.1111/j.1467-8659.2009.01690.x},
  doi = {10.1111/j.1467-8659.2009.01690.x},
  acmid = {2421839},
  publisher = {Eurographics Association},
  address = {Aire-la-Ville, Switzerland, Switzerland},
}

@inproceedings{anna_pv_2010, 
  author = {Tikhonova, A. and Correa, C. and Kwan-Liu Ma}, 
  booktitle = {Pacific Visualization Symposium (PacificVis), 2010 IEEE}, 
  title = {Explorable images for visualizing volume data}, 
  year = {2010}, 
  month = {March}, 
  pages = {177-184},
  doi = {10.1109/PACIFICVIS.2010.5429595},
}

@inproceedings{ma2007situ,
  title = {In-situ processing and visualization for ultrascale simulations},
  author = {Ma, Kwan-Liu and Wang, Chaoli and Yu, Hongfeng and Tikhonova, Anna},
  booktitle = {Journal of Physics: Conference Series},
  volume = {78},
  number = {1},
  pages = {012043},
  year = {2007},
  organization = {IOP Publishing}
}

@article{hf_2010,
  author = {Hongfeng Yu and Chaoli Wang and Grout, R.W. and Chen, J.H. and Kwan-Liu Ma}, 
  journal = {Computer Graphics and Applications, IEEE}, 
  title = {In Situ Visualization for Large-Scale Combustion Simulations}, 
  year = {2010}, 
  month = {May}, 
  volume = {30}, 
  number = {3}, 
  pages = {45-57}, 
  keywords = {combustion;data visualisation;production engineering computing;exascale level;in situ visualization;large-scale combustion simulation;petascale level;scientific supercomputing;turbulent combustion;Combustion;Data visualization;Ignition;Large-scale systems;computer graphics;graphics and multimedia;in situ visualization;large-scale simulation;parallel rendering;scalability;supercomputing}, 
  doi = {10.1109/MCG.2010.55}, 
  ISSN = {0272-1716},
}